/Users/giovannipistone/Dropbox/InProgress/tutto.bib